<record><leader>00000cas a22000007a 4500</leader><controlfield tag="001">9579077</controlfield><controlfield tag="008">830606d18711964mauwr ne      0    0eng d</controlfield><controlfield tag="009">3768</controlfield><datafield ind1=" " ind2=" " tag="010"><subfield code="a">sn 83020839 </subfield></datafield><datafield ind1=" " ind2=" " tag="040"><subfield code="a">NPX</subfield><subfield code="b">eng</subfield><subfield code="c">NPX</subfield><subfield code="d">NPU</subfield><subfield code="d">MGN</subfield></datafield><datafield ind1=" " ind2=" " tag="042"><subfield code="a">msc</subfield></datafield><datafield ind1=" " ind2=" " tag="043"><subfield code="a">n-us-ma</subfield></datafield><datafield ind1="0" ind2="0" tag="245"><subfield code="a">Westborough chronotype.</subfield></datafield><datafield ind1=" " ind2=" " tag="260"><subfield code="a">Westborough, Mass. :</subfield><subfield code="b">H.H. Stevens,</subfield></datafield><datafield ind1=" " ind2=" " tag="300"><subfield code="a">v. ;</subfield><subfield code="c">61 cm.</subfield></datafield><datafield ind1=" " ind2=" " tag="310"><subfield code="a">Weekly</subfield></datafield><datafield ind1="0" ind2=" " tag="362"><subfield code="a">Vol. 5, no. 26 (Jan. 7, 1871)-</subfield></datafield><datafield ind1="1" ind2=" " tag="362"><subfield code="a">Ceased in 1964.</subfield></datafield><datafield ind1=" " ind2=" " tag="500"><subfield code="a">Supplement titled "Southborough Chronotype" issued July 4, 1891-Dec. 26, 1946.</subfield></datafield><datafield ind1=" " ind2=" " tag="500"><subfield code="a">Supplement titled "Shrewsbury Chronotype" issued Apr. 12, 1918-Dec. 26, 1919.</subfield></datafield><datafield ind1=" " ind2=" " tag="500"><subfield code="a">Publishers: A.J. Prescott &amp; Son, 1872-1874; Holton &amp; Thurston, 1874-1891; Ira M. Beaman, 1891-1900.</subfield></datafield><datafield ind1=" " ind2=" " tag="500"><subfield code="a">Proprietor: H.H. Stevens, 1871-1872.</subfield></datafield><datafield ind1=" " ind2=" " tag="500"><subfield code="a">Editors: H.H. Stevens, 1871-1872; G.W. Millett, 1872-1874; R.F. Holton &amp; C.H. Thurston, 1874-1891; C.H. Thurston, 1891-1912.</subfield></datafield><datafield ind1=" " ind2=" " tag="515"><subfield code="a">Suspended Apr. 13, 1872; resumed May 18, 1872.</subfield></datafield><datafield ind1=" " ind2=" " tag="525"><subfield code="a">Has occasional supplements, 1871-1891.</subfield></datafield><datafield ind1=" " ind2=" " tag="530"><subfield code="a">Available on microfilm from Graphic Microfilm of New England.</subfield></datafield><datafield ind1=" " ind2=" " tag="752"><subfield code="a">United States</subfield><subfield code="b">Massachusetts</subfield><subfield code="c">Worcester</subfield><subfield code="d">Westborough.</subfield></datafield><datafield ind1=" " ind2=" " tag="752"><subfield code="a">United States</subfield><subfield code="b">Massachusetts</subfield><subfield code="c">Worcester</subfield><subfield code="d">Southborough.</subfield></datafield><datafield ind1=" " ind2=" " tag="752"><subfield code="a">United States</subfield><subfield code="b">Massachusetts</subfield><subfield code="c">Worcester</subfield><subfield code="d">Shrewsbury.</subfield></datafield><datafield ind1="0" ind2="0" tag="780"><subfield code="t">Saturday evening chronotype and weekly review</subfield><subfield code="w">(DLC)sn 83020840</subfield></datafield><datafield ind1="0" ind2="5" tag="780"><subfield code="t">Westboro tribune</subfield><subfield code="g">1891</subfield></datafield><datafield ind1="0" ind2="0" tag="785"><subfield code="t">Westboro chronotype-herald-community-leader</subfield></datafield><datafield ind1=" " ind2=" " tag="936"><subfield code="a">1876 July 22</subfield></datafield></record>